@ONLINE{AlTurayya,
    url = {https://althurayya.github.io/},
    title = {al-Ṯurayyā Project: a gazetteer and a geospatial model of the early Islamic World. (Based on: Georgette Cornu’s Atlas du monde arabo-islamique à l'époque classique: IXe-Xe siècles, Leiden: Brill, 1983)},
    author = {Seydi, Masoumeh, and Maxim Romanov},
    year = {2022 - },
},

@ONLINE{MEHDIE,
    url = {mehdie.org},
    title = {The Middle East Heritage Data Integration Endeavour},
    author = {Tomer Sagi and Moran Zaga and Sinai Rusinek and Efraim Lev}
},

@BOOK{Yaqut,
    title = {Kitāb Mu'jam al-Buldān},
    author= {Yāqūt Shihāb al-Dīn ibn-ʿAbdullāh al-Rūmī al-Ḥamawī},
    year = {1224 - 1228},
},


@PAPER{
    YaqutRB,
    title = {A Rule-Based Approach in GeoHistorical Analysis: The Case of Medieval Muslim Geographies},
    author = {Zaga, Moran and Lev, Efraim and Sagi, Tomer and Lavee, Moshe},
    year = {2023}
}

@misc{ampligraph,
    author= {Luca Costabello and
               Alberto Bernardi and
               Adrianna Janik and
               Aldan Creo and
               Sumit Pai and
               Chan Le Van and
               Rory McGrath and
               Nicholas McCarthy and
               Pedro Tabacof},
    title = {{AmpliGraph: a Library for Representation Learning on Knowledge Graphs}},
    month = mar,
    year  = 2019,
    doi   = {10.5281/zenodo.2595043},
    url   = {https://doi.org/10.5281/zenodo.2595043 }
}